% This program and the accompanying materials are made available under the
% terms of the MIT license (X11 license) which accompanies this distribution.

% Author: D. Langner, C. Bürger

@InProceedings{Avgustinov2008,
  Title                    = {Modularity first: a case for mixing AOP and attribute grammars},
  Author                   = {Avgustinov, Pavel and Ekman, Torbj{\"o}rn and Tibble, Julian},
  Booktitle                = {Proceedings of the 7th international conference on Aspect-oriented software development},
  Year                     = {2008},
  Organization             = {ACM},
  Pages                    = {25--35}
}

@InProceedings{Buerger2015b,
  Title                    = {Reference attribute grammar controlled graph rewriting: motivation and overview},
  Author                   = {B{\"u}rger, Christoff},
  Booktitle                = {Proceedings of the 2015 ACM SIGPLAN International Conference on Software Language Engineering},
  Year                     = {2015},
  Organization             = {ACM},
  Pages                    = {89--100}
}

@InProceedings{Buerger2015,
  Title                    = {Using Reference Attribute Grammar-Controlled Rewriting for Energy Auto-Tuning},
  Author                   = {B{\"u}rger, Christoff and Mey, Johannes and Sch{\"o}ne, Ren{\'e} and Karol, Sven and Langner, Daniel},
  Booktitle                = {10th International Workshop on Models@run.time},
  Year                     = {2015},
  Organization             = {CEUR Workshop Proceedings (CEUR-WS. org)}
}

@InProceedings{Buerger2015a,
  Title                    = {fUML Activity Diagrams in RACR: A RACR Solution of The TTC 2015 Model Execution Case},
  Author                   = {Christoff Bürger},
  Year                     = {2015},
  Organization             = {Software Technologies: Applications and Foundations (STAF)},

  Timestamp                = {2015.11.09}
}

@TechReport{Buerger2012,
  Title                    = {RACR: A Scheme Library for Reference Attribute Grammar Controlled Rewriting},
  Author                   = {Christoff Bürger},
  Institution              = {Technische Universität Dresden, Institut für Software- und Multimediatechnik, Lehrstuhl Softwaretechnologie},
  Year                     = {2012},

  Timestamp                = {2015.06.12}
}

@Misc{Clinger2009,
  Title                    = {Scheme Steering Committee Position Statement (Draft)},

  Author                   = {Will Clinger and Marc Feeley and Chris Hanson and Jonathan Rees and Olin Shivers},
  Month                    = {8},
  Note                     = {Abgerufen am 7. Juni 2015},
  Year                     = {2009},

  Day                      = {20},
  Timestamp                = {2015.06.07},
  Url                      = {http://scheme-reports.org/2009/position-statement.html}
}

@InProceedings{Demers1981,
  Title                    = {Incremental evaluation for attribute grammars with application to syntax-directed editors},
  Author                   = {Demers, Alan and Reps, Thomas and Teitelbaum, Tim},
  Booktitle                = {Proceedings of the 8th ACM SIGPLAN-SIGACT Symposium on Principles of Programming Languages},
  Year                     = {1981},
  Organization             = {ACM},
  Pages                    = {105--116}
}

@Standard{ECMA2012,
  Title                    = {{ECMA-335}: Common Language Infrastructure (CLI)},
  Institution              = {ECMA},
  Organization             = {Microsoft},
  Author                   = {{ECMA}},
  Month                    = {6},
  Revision                 = {6},
  Url                      = {http://www.ecma-international.org/publications/standards/Ecma-335.htm},
  Year                     = {2012},

  Timestamp                = {2015.06.13}
}

@Book{Ehrig1999,
  Title                    = {Handbook of graph grammars and computing by graph transformation: Applications, Languages and Tools},
  Author                   = {Ehrig, Hartmut},
  Publisher                = {World Scientific},
  Year                     = {1999},
  Volume                   = {2}
}

@PhdThesis{Ekman2006,
  Title                    = {Extensible compiler construction},
  Author                   = {Ekman, Torbj{\"o}rn},
  Year                     = {2006},

  Publisher                = {Lund University}
}

@Article{Ekman2007,
  Title                    = {The JastAdd system: modular extensible compiler construction },
  Author                   = {Torbjörn Ekman and Görel Hedin},
  Journal                  = {Science of Computer Programming },
  Year                     = {2007},
  Number                   = {1–3},
  Pages                    = {14 - 26},
  Volume                   = {69}
}

@InCollection{Erdweg2013,
  Title                    = {The State of the Art in Language Workbenches},
  Author                   = {Erdweg, Sebastian and van der Storm, Tijs and Völter, Markus and Boersma, Meinte and Bosman, Remi and Cook, WilliamR. and Gerritsen, Albert and Hulshout, Angelo and Kelly, Steven and Loh, Alex and Konat, GabriëlD.P. and Molina, PedroJ. and Palatnik, Martin and Pohjonen, Risto and Schindler, Eugen and Schindler, Klemens and Solmi, Riccardo and Vergu, VladA. and Visser, Eelco and van der Vlist, Kevin and Wachsmuth, GuidoH. and van der Woning, Jimi},
  Booktitle                = {Software Language Engineering},
  Publisher                = {Springer},
  Year                     = {2013},
  Editor                   = {Erwig, Martin and Paige, Richard F. and Van Wyk, Eric},
  Pages                    = {197-217},
  Series                   = {Lecture Notes in Computer Science},
  Volume                   = {8225}
}

@Article{Hedin2000,
  Title                    = {Reference attributed grammars},
  Author                   = {Hedin, Görel},
  Journal                  = {Informatica (Slovenia)},
  Year                     = {2000},
  Number                   = {3},
  Pages                    = {301--317},
  Volume                   = {24},

  Publisher                = {Citeseer}
}

@InProceedings{Hedin1989,
  Title                    = {An object-oriented notation for attribute grammars},
  Author                   = {Hedin, G{\"o}rel},
  Booktitle                = {ECOOP'89: Proceedings of the 1989 European Conference on Object-Oriented Programming},
  Year                     = {1989},
  Pages                    = {329--345}
}

@Article{Hoover1986,
  Title                    = {Efficient incremental evaluation of aggregate values in attribute grammars},
  Author                   = {Hoover, Roger and Teitelbaum, Tim},
  Journal                  = {ACM SIGPLAN Notices},
  Year                     = {1986},
  Number                   = {7},
  Pages                    = {39--50},
  Volume                   = {21},

  Publisher                = {ACM}
}

@Article{Knuth1971,
  Title                    = {Semantics of context-free languages: Correction},
  Author                   = {Knuth, Donald E.},
  Journal                  = {Theory of Computing Systems},
  Year                     = {1971},
  Number                   = {2},
  Pages                    = {95--96},
  Volume                   = {5},

  Publisher                = {Springer}
}

@Article{Knuth1968,
  Title                    = {Semantics of context-free languages},
  Author                   = {Knuth, Donald E.},
  Journal                  = {Mathematical systems theory},
  Year                     = {1968},
  Number                   = {2},
  Pages                    = {127--145},
  Volume                   = {2},

  Publisher                = {Springer}
}

@Book{Lam2006,
  Title                    = {Compilers: Principles, techniques and tools},
  Author                   = {Lam, Monica and Sethi, Ravi and Ullman, JD and Aho, AV},
  Publisher                = {Pearson Education},
  Year                     = {2006}
}

@PhdThesis{MaddoxIII1997,
  Title                    = {Incremental static semantic analysis},
  Author                   = {Maddox III, William H.},
  Year                     = {1997},

  Institution              = {DTIC Document}
}

@Article{Mayerhofer2015,
  Title                    = {The TTC 2015 Model Execution Case},
  Author                   = {Mayerhofer, Tanja and Wimmer, Manuel},
  Journal                  = {8th Transformation Tool Contest, CEUR},
  Year                     = {2015}
}

@Article{Paakki1995,
  Title                    = {Attribute grammar paradigms—a high-level methodology in language implementation},
  Author                   = {Paakki, Jukka},
  Journal                  = {ACM Computing Surveys (CSUR)},
  Year                     = {1995},
  Number                   = {2},
  Pages                    = {196--255},
  Volume                   = {27},

  Publisher                = {ACM}
}

@Book{Rozenberg1997,
  Title                    = {Handbook of Graph Grammars and Comp.},
  Author                   = {Rozenberg, Grzegorz},
  Publisher                = {World scientific},
  Year                     = {1997},
  Volume                   = {1}
}

@TechReport{Soederberg2012,
  Title                    = {Incremental evaluation of reference attribute grammars using dynamic dependency tracking},
  Author                   = {S{\"o}derberg, Emma and Hedin, G{\"o}rel},
  Year                     = {2012},

  Journal                  = {LU-CS-TR: 2012-249},
  Publisher                = {Department of Computer Science, Lund University}
}

@TechReport{Scowen1998,
  Title                    = {Extended BNF-a generic base standard},
  Author                   = {Scowen, Roger S.},
  Institution              = {Technical report, ISO/IEC 14977},
  Year                     = {1998}
}

@TechReport{Shinn2013,
  Title                    = {Revised{$^7$} Report on the Algorithmic Language Scheme},
  Author                   = {Alex Shinn and John Cowan and Artur A. Gleckler},
  Year                     = {2013},
  Month                    = {7},

  Day                      = {6},
  Timestamp                = {2015.06.12},
  Url                      = {http://trac.sacrideo.us/wg/raw-attachment/wiki/WikiStart/r7rs.pdf}
}

@Article{Sperber2009,
  Title                    = {Revised{$^6$} Report on the Algorithmic Language Scheme},
  Author                   = {Sperber, Michael and Dybvig, RK and Flatt, Matthew and Van Straaten, Anton and Findler, Robby and Matthews, Jacob},
  Journal                  = {Journal of Functional Programming},
  Year                     = {2009},
  Number                   = {S1},
  Pages                    = {1--301},
  Volume                   = {19},

  Publisher                = {Cambridge Univ Press}
}

@Article{Ullmann1976,
  Title                    = {An algorithm for subgraph isomorphism},
  Author                   = {Ullmann, Julian R.},
  Journal                  = {Journal of the ACM (JACM)},
  Year                     = {1976},
  Number                   = {1},
  Pages                    = {31--42},
  Volume                   = {23},

  Publisher                = {ACM}
}
